@Comment А вот так оформляется библиография при помощи BibTeX.

@Book{Kurov,
  title = 	{Определение показателей производительности вычислительных систем методами теории массового обслуживания    .},
  publisher = 	{М.: Изд-во МГТУ им. Н.Э. Баумана},
  year = 	{2005},
  author = {Куров А.В., Рудаков И.В.},
  language =    "russian"
}


@MISC {KST,
       title = {Разработка свободного аналога языка GPSS.},
       year = {2008},
       author = {Квитка М. Е., Сёмкин Ю. Ю., Томила С. О.}
}

@MISC {GPSSRef,
       title = {GPSS Wrorld Reference Manual.},
       year = {2009}
}

@MISC {HUnit,
       title = {HUnit 1.0 User's Guide.},
       year = {2002},
       address = {http://hunit.sourceforge.net/HUnit-1.0/Guide.html}
}

@Book{HaskellRef,
  title = 	{Справочник по языку Haskell.},
  publisher = 	{М.: ДМК Пресс},
  year = 	{2008},
  author = {Душкин Р.В.},
  language =    "russian"
}

@Book{Haskell,
  title = 	{Функциональное программирование на языке  Haskell.},
  publisher = 	{М.: ДМК Пресс},
  year = 	{2007},
  author = {Душкин Р.В.},
  language =    "russian"
}


@Book{ImitGPSS,
  title = 	{Имитационное моделирование в среде GPSS.},
  publisher = 	{М.: Бестселлер},
  year = 	{2003},
  author = {Томашевский В., Жданова Е.},
  language =    "russian"
}

@Book{GPSSKudr,
  title = 	{GPSS World. Основы имитационного моделирования различных систем.},
  publisher = 	{М.: ДМК Пресс},
  year = 	{2004},
  author = {Кудрявцев Е.М.},
  language =    "russian"
}

@Book{Idef00,
  title = 	{Методология функционального моделирования IDEF0.},
  publisher = 	{М: Госстандарт России},
  year = 	{2000},
  language =    "russian"
}

@Book{ Fauler,
       title = {UML. Основы, 3-е издание.},
       author = {Фаулер М.},
       year = {2006},
       publisher = {СПб: Символ-Плюс},
       language = "russian"
}

@Book{ Tanenbaym,
       title = {Распределенные системы. Принципы и парадигмы.},
       author = {Таненбаум Э., ван Стеен М.},
       year = {2003},
       publisher = {СПб: Питер},
       language = "russian"
}

@Book{ rsoi-cp-man,
       title = {Указания к курсовому проектированию по курсу <<Распределенные системы обработки информации>>},
       author = {Крищенко В.},
       language = "russian"
}

@book { RWH,
    title = {Real World Haskell},
    author = {O'Sullivan B., Stewart D., Goerzen J.},
    publisher = {O'Reily}
}

@booklet{ hackage,
    title = {Архив библиотек языка Haskell},
    address = {http://hackage.haskell.org/packages/hackage.html}
}

@booklet{ wxwidgets,
    title = {Официальный сайт wxWidgets},
    address = {http://www.wxwidgets.org/}
}

@booklet{ gnuplot,
    title = {Официальный сайт gnuplot},
    address = {http://www.gnuplot.info/}
}

@booklet{ wxhaskell,
    title = {Официальная страница wxHaskell},
    address = {http://www.haskell.org/haskellwiki/Wxhaskell}
}



@booklet{ hoogle,
    title = {Архив библиотек языка Haskell},
    address = {http://www.haskell.org/hoogle/}
}

@booklet{ sqlite,
    title = {Документация SQLite},
    address = {http://www.sqlite.org/docs.html}
}

